@online{Statista,
  title = {Statista's survey},
  url   = {https://www.statista.com/outlook/dmo/smart-home/worldwide#smart-homes},
  urldate = {2021-12-07}
}


@online{OpenThreadNodeType,
  title = {OpenThread Node types},
  url   = {https://openthread.io/guides/thread-primer/node-roles-and-types},
  urldate = {2021-12-07}
}


@online{thread_network,
  title    = {OpenThread network},
  url      = {https://openthread.io/guides/images/ot-primer-leader_2x.png},
  keywords = {OpenThread, Thread Network},
  urldate = {2021-12-07}
}

@online{ThreadIPv6,
  title = {OpenThread IPv6 addressing},
  url   = {https://openthread.io/guides/thread-primer/ipv6-addressing},
  urldate = {2021-12-07}
}

@online{thread_scope,
  title    = {OpenThread network groups by IP addresses},
  url      = {https://openthread.io/guides/images/ot-primer-leader_2x.png},
  keywords = {OpenThread, Thread Network},
  urldate = {2021-12-07}
}

@online{zephyr,
  title    = {Zephyr Project stacks and programms},
  url      = {https://se.ewi.tudelft.nl/desosa2019/chapters/zephyr/},
  keywords = {Zephyr Project, Thread Network},
  urldate = {2021-12-07}
}

@online{coapcheat,
  title = {CoAP cheatsheet},
  url   = {https://github.com/markushx/coap-cheatsheet},
  urldate = {2021-12-07}
}

@online{coap_ram,
  title    = {CoAP memory need},
  url      = {https://coap.technology/},
  keywords = {CoAP},
  urldate = {2021-12-07}
}

@online{coapdatatracker,
  title = {CoAP protocol documentation},
  url   = {https://datatracker.ietf.org/doc/html/rfc7252},
  urldate = {2021-12-07}
}

@online{SpinelDoc,
  title = {Spinel protocol documentation},
  url   = {https://datatracker.ietf.org/doc/html/draft-rquattle-spinel-unified},
  urldate = {2021-12-07}
}

@online{HATSGitHub,
  title = {Raspberry Hats GitHub repository},
  url   = {https://github.com/raspberrypi/hats},
  urldate = {2021-12-07}
}

@online{RaspberryBCM,
  title = {BCM2711 datasheet},
  url   = {https://datasheets.raspberrypi.com/rpi4/raspberry-pi-4-datasheet.pdf},
  urldate = {2021-12-07}
}

@online{OTBR,
  title = {OpenThread Border Router GitHub repository},
  url   = {https://github.com/openthread/ot-nrf528xx},
  urldate = {2021-12-07}
}

@online{OTCOMMISSIONER,
  title = {OpenThread Commissioner GitHub repository},
  url   = {https://github.com/openthread/ot-commissioner},
  urldate = {2021-12-07}
}

@online{NRFDATASHEET,
  title = {Nordic nRF52840 datasheet},
  url   = {https://infocenter.nordicsemi.com/pdf/nRF52840_PS_v1.1.pdf},
  urldate = {2021-12-07}
}

@online{zintdownload,
  title = {Zint Barcode Generator},
  url   = {https://zint.github.io/},
  urldate = {2021-12-07}
}

@publication{airbreakdownvoltage,
  title = {DC Flashover of a Dielectric Surface in Atmospheric Conditions},
  url   = {https://www.researchgate.net/publication/3165903_DC_Flashover_of_a_Dielectric_Surface_in_Atmospheric_Conditions},
  year  = {2004}
}

@online{devices,
  title = {List of Thread certified devices},
  url   = {https://www.threadgroup.org/What-is-Thread/Thread-Benefits},
  urldate = {2021-12-07}
}

@online{threadSilabs,
  title = {Silicon Labs mesh network measurement},
  url   = {https://www.silabs.com/wireless/multiprotocol/mesh-performance},
  urldate = {2021-12-07}
}

@online{threadgroupurl,
  title = {Thread Group webpage},
  url = {https://www.threadgroup.org/},
  urldate = {2021-12-07}
}

@online{threadcompare,
  title = {Compare Thread, ZigBee and Bluetooth Mesh},
  url = {https://www.silabs.com/wireless/multiprotocol/mesh-performance},
  urldate = {2021-12-07}
}

@online{threadcomapare2,
  title = {Wireless Connectivity Technology Selection Guide},
  url = {https://www.ti.com/lit/sg/swat016a/swat016a.pdf?ts=1636701191310},
  urldate = {2021-12-07}
}

@online{datatracker,
  title = {The Constrained Application Protocol (CoAP)},
  url = {https://datatracker.ietf.org/doc/html/rfc7252},
  urldate = {2021-12-07}
}

@online{platforms,
  title = {Platforms of OpenThread},
  url = {https://openthread.io/platforms},
  urldate = {2021-12-07}
}